@article{reise_rediscovery_2012,
	title = {The Rediscovery of Bifactor Measurement Models},
	volume = {47},
	issn = {0027-3171, 1532-7906},
	url = {http://www.tandfonline.com/doi/abs/10.1080/00273171.2012.715555},
	doi = {10.1080/00273171.2012.715555},
	pages = {667--696},
	number = {5},
	journaltitle = {Multivariate Behavioral Research},
	shortjournal = {Multivariate Behavioral Research},
	author = {Reise, Steven P.},
	urldate = {2020-11-11},
	date = {2012-09},
	langid = {english},
	file = {Reise - 2012 - The Rediscovery of Bifactor Measurement Models.pdf:C\:\\Users\\kulasj\\Zotero\\storage\\GQUGIB7V\\Reise - 2012 - The Rediscovery of Bifactor Measurement Models.pdf:application/pdf},
}
