@article{sharma_partnering_2020,
	title = {Partnering {Up}: {Including} {Managers} as {Research} {Partners} in {Systematic} {Reviews}},
	shorttitle = {Partnering {Up}},
	journal = {Organizational Research Methods},
	author = {Sharma, Garima and Bansal, Pratima},
	year = {2020},
	note = {Publisher: SAGE Publications Sage CA: Los Angeles, CA},
	pages = {1094428120965706},
	file = {Full Text:C\:\\Users\\John-o\\Zotero\\storage\\NWF8W7JH\\Sharma and Bansal - 2020 - Partnering Up Including Managers as Research Part.pdf:application/pdf;Snapshot:C\:\\Users\\John-o\\Zotero\\storage\\3NST8VRI\\1094428120965706.html:text/html}
}

@article{granello_promoting_2001,
	title = {Promoting cognitive complexity in graduate written work: {Using} {Bloom}'s taxonomy as a pedagogical tool to improve literature reviews},
	volume = {40},
	shorttitle = {Promoting cognitive complexity in graduate written work},
	number = {4},
	journal = {Counselor Education and Supervision},
	author = {Granello, Darcy Haag},
	year = {2001},
	note = {Publisher: Wiley Online Library},
	pages = {292--307},
	file = {Snapshot:C\:\\Users\\kulasj\\Zotero\\storage\\TMZD94MS\\j.1556-6978.2001.tb01261.html:text/html},
}

@article{torraco_writing_2016,
	title = {Writing integrative literature reviews: {Using} the past and present to explore the future},
	volume = {15},
	shorttitle = {Writing integrative literature reviews},
	number = {4},
	journal = {Human resource development review},
	author = {Torraco, Richard J.},
	year = {2016},
	note = {Publisher: SAGE Publications Sage CA: Los Angeles, CA},
	pages = {404--428},
	file = {Full Text:C\:\\Users\\John-o\\Zotero\\storage\\2ZDQ3FZD\\Torraco - 2016 - Writing integrative literature reviews Using the .pdf:application/pdf;Snapshot:C\:\\Users\\John-o\\Zotero\\storage\\FC7635HR\\1534484316671606.html:text/html}
}

@incollection{baumeister_writing_2013,
	title = {Writing a literature review},
	booktitle = {The {Portable} {Mentor}},
	publisher = {Springer},
	author = {Baumeister, Roy F.},
	year = {2013},
	pages = {119--132},
	file = {Snapshot:C\:\\Users\\John-o\\Zotero\\storage\\LGVE34GQ\\978-1-4614-3994-3_8.html:text/html}
}

@article{bem_writing_1995,
	title = {Writing a review article for {Psychological} {Bulletin}.},
	volume = {118},
	number = {2},
	journal = {Psychological Bulletin},
	author = {Bem, Daryl J.},
	year = {1995},
	note = {Publisher: American Psychological Association},
	pages = {172},
	file = {Full Text:C\:\\Users\\John-o\\Zotero\\storage\\C7NVHYM4\\Bem - 1995 - Writing a review article for Psychological Bulleti.pdf:application/pdf;Snapshot:C\:\\Users\\John-o\\Zotero\\storage\\NKEMYQS2\\1995-45250-001.html:text/html}
}

@article{webster_analyzing_2002,
	title = {Analyzing the past to prepare for the future: {Writing} a literature review},
	shorttitle = {Analyzing the past to prepare for the future},
	journal = {MIS quarterly},
	author = {Webster, Jane and Watson, Richard T.},
	year = {2002},
	note = {Publisher: JSTOR},
	pages = {xiii--xxiii},
	file = {Full Text:C\:\\Users\\John-o\\Zotero\\storage\\98V78PLL\\Webster and Watson - 2002 - Analyzing the past to prepare for the future Writ.pdf:application/pdf;Snapshot:C\:\\Users\\John-o\\Zotero\\storage\\PK9PXUB4\\4132319.html:text/html}
}

@article{baumeister_writing_1997,
	title = {Writing narrative literature reviews},
	volume = {1},
	number = {3},
	journal = {Review of general psychology},
	author = {Baumeister, Roy F. and Leary, Mark R.},
	year = {1997},
	note = {Publisher: SAGE Publications Sage CA: Los Angeles, CA},
	pages = {311--320},
	file = {Full Text:C\:\\Users\\John-o\\Zotero\\storage\\YCSTMS4G\\Baumeister and Leary - 1997 - Writing narrative literature reviews.pdf:application/pdf;Snapshot:C\:\\Users\\John-o\\Zotero\\storage\\WK84XPJU\\1089-2680.1.3.html:text/html}
}

@article{denyer_producing_2009,
	title = {Producing a systematic review.},
	author = {Denyer, David and Tranfield, David},
	year = {2009},
	note = {Publisher: Sage Publications Ltd},
	file = {Snapshot:C\:\\Users\\John-o\\Zotero\\storage\\HB6XG2TW\\2010-00924-039.html:text/html}
}

@book{fink_conducting_2019,
	title = {Conducting research literature reviews: {From} the internet to paper},
	shorttitle = {Conducting research literature reviews},
	publisher = {Sage publications},
	author = {Fink, Arlene},
	year = {2019},
	file = {Snapshot:C\:\\Users\\John-o\\Zotero\\storage\\5VR3B9H6\\books.html:text/html}
}

@article{tranfield_towards_2003,
	title = {Towards a methodology for developing evidence-informed management knowledge by means of systematic review},
	volume = {14},
	number = {3},
	journal = {British journal of management},
	author = {Tranfield, David and Denyer, David and Smart, Palminder},
	year = {2003},
	note = {Publisher: Wiley Online Library},
	pages = {207--222},
	file = {Full Text:C\:\\Users\\John-o\\Zotero\\storage\\4U8Z5FUH\\Tranfield et al. - 2003 - Towards a methodology for developing evidence-info.pdf:application/pdf;Snapshot:C\:\\Users\\John-o\\Zotero\\storage\\NHFETK54\\1467-8551.html:text/html}
}

@article{bodolica_end_2018,
	title = {An end to end process of writing and publishing influential literature review articles},
	journal = {Management Decision},
	author = {Bodolica, Virginia and Spraggon, Martin},
	year = {2018},
	note = {Publisher: Emerald Publishing Limited},
	file = {Snapshot:C\:\\Users\\John-o\\Zotero\\storage\\GICUUQY4\\html.html:text/html}
}

@article{williams_re-examining_2020,
	title = {Re-examining systematic literature review in management research: {Additional} benefits and execution protocols},
	shorttitle = {Re-examining systematic literature review in management research},
	journal = {European Management Journal},
	author = {Williams, Ralph I. and Clark, Leigh Anne and Clark, W. Randy and Raffo, Deana M.},
	year = {2020},
	note = {Publisher: Elsevier},
	file = {Full Text:C\:\\Users\\John-o\\Zotero\\storage\\V3HZWPS7\\S026323732030133X.html:text/html}
}

@article{hodgkinson_narrative_2014,
	title = {Narrative, meta-analytic, and systematic reviews: {What} are the differences and why do they matter?},
	volume = {35},
	shorttitle = {Narrative, meta-analytic, and systematic reviews},
	number = {S1},
	journal = {Journal of Organizational Behavior},
	author = {Hodgkinson, Gerard P. and Ford, J. Kevin},
	year = {2014},
	note = {Publisher: Wiley Online Library},
	pages = {S1--S5},
	file = {Full Text:C\:\\Users\\John-o\\Zotero\\storage\\JI93SNS9\\Hodgkinson and Ford - 2014 - Narrative, meta-analytic, and systematic reviews .pdf:application/pdf;Snapshot:C\:\\Users\\John-o\\Zotero\\storage\\URHZUWLY\\job.html:text/html}
}

@article{siddaway_how_2019,
	title = {How to do a systematic review: a best practice guide for conducting and reporting narrative reviews, meta-analyses, and meta-syntheses},
	volume = {70},
	shorttitle = {How to do a systematic review},
	journal = {Annual review of psychology},
	author = {Siddaway, Andy P. and Wood, Alex M. and Hedges, Larry V.},
	year = {2019},
	note = {Publisher: Annual Reviews},
	pages = {747--770},
	file = {Full Text:C\:\\Users\\John-o\\Zotero\\storage\\ZMXWPK7H\\annurev-psych-010418-102803.html:text/html;Snapshot:C\:\\Users\\John-o\\Zotero\\storage\\QBU3EBEE\\annurev-psych-010418-102803.html:text/html}
}

@article{breslin_theorizing_2020,
	title = {Theorizing through literature reviews: {The} miner-prospector continuum},
	shorttitle = {Theorizing through literature reviews},
	journal = {Organizational Research Methods},
	author = {Breslin, Dermot and Gatrell, Caroline},
	year = {2020},
	note = {Publisher: SAGE Publications Sage CA: Los Angeles, CA},
	pages = {1094428120943288},
	file = {Full Text:C\:\\Users\\John-o\\Zotero\\storage\\TVN72JXJ\\Breslin and Gatrell - 2020 - Theorizing through literature reviews The miner-p.pdf:application/pdf;Snapshot:C\:\\Users\\John-o\\Zotero\\storage\\PD3J9YU7\\1094428120943288.html:text/html}
}

@article{post_advancing_2020,
	title = {Advancing theory with review articles},
	volume = {57},
	number = {2},
	journal = {Journal of Management Studies},
	author = {Post, Corinne and Sarala, Riikka and Gatrell, Caroline and Prescott, John E.},
	year = {2020},
	note = {Publisher: Wiley Online Library},
	pages = {351--376},
	file = {Snapshot:C\:\\Users\\John-o\\Zotero\\storage\\LW2YFYTN\\joms.html:text/html}
}

@book{cropanzano_writing_2009,
	title = {Writing nonempirical articles for {Journal} of {Management}: {General} thoughts and suggestions},
	shorttitle = {Writing nonempirical articles for {Journal} of {Management}},
	publisher = {SAGE Publications Sage CA: Los Angeles, CA},
	author = {Cropanzano, Russell},
	year = {2009},
	file = {Full Text:C\:\\Users\\John-o\\Zotero\\storage\\9LQ545SL\\Cropanzano - 2009 - Writing nonempirical articles for Journal of Manag.pdf:application/pdf;Snapshot:C\:\\Users\\John-o\\Zotero\\storage\\5DB774EL\\0149206309344118.html:text/html}
}

@book{fisch_six_2018,
	title = {Six tips for your (systematic) literature review in business and management research},
	publisher = {Springer},
	author = {Fisch, Christian and Block, Joern},
	year = {2018},
	file = {Full Text:C\:\\Users\\John-o\\Zotero\\storage\\END7SQRQ\\s11301-018-0142-x.html:text/html}
}

@article{hodgkinson_what_2015,
	title = {What makes excellent literature reviews excellent? {A} clarification of some common mistakes and misconceptions},
	volume = {36},
	shorttitle = {What makes excellent literature reviews excellent?},
	number = {S1},
	journal = {Journal of Organizational Behavior},
	author = {Hodgkinson, Gerard P. and Ford, J. Kevin},
	year = {2015},
	note = {Publisher: Wiley Online Library},
	pages = {S1--S5},
	file = {Full Text:C\:\\Users\\John-o\\Zotero\\storage\\QB3BSTMT\\Hodgkinson and Ford - 2015 - What makes excellent literature reviews excellent.pdf:application/pdf;Snapshot:C\:\\Users\\John-o\\Zotero\\storage\\Z2J8WXJD\\job.html:text/html}
}

@article{jones_future_2014,
	title = {The future of writing and reviewing for {IJMR}},
	volume = {16},
	number = {3},
	journal = {International Journal of Management Reviews},
	author = {Jones, Oswald and Gatrell, Caroline},
	year = {2014},
	note = {Publisher: Wiley Online Library},
	pages = {249--264},
	file = {Snapshot:C\:\\Users\\John-o\\Zotero\\storage\\7QGMUE28\\ijmr.html:text/html}
}

@article{short_art_2009,
	title = {The art of writing a review article},
	volume = {35},
	number = {6},
	journal = {Journal of Management},
	author = {Short, Jeremy},
	year = {2009},
	note = {Publisher: Sage Publications Sage CA: Los Angeles, CA},
	pages = {1312--1317},
	file = {Full Text:C\:\\Users\\John-o\\Zotero\\storage\\HSU8VY2N\\Short - 2009 - The art of writing a review article.pdf:application/pdf}
}

@article{kunisch_feature_2018,
	title = {Feature topic at organizational research methods: {How} to conduct rigorous and impactful literature reviews?},
	volume = {21},
	shorttitle = {Feature topic at organizational research methods},
	number = {3},
	journal = {Organizational Research Methods},
	author = {Kunisch, Sven and Menz, Markus and Bartunek, Jean M. and Cardinal, Laura B. and Denyer, David},
	year = {2018},
	note = {Publisher: SAGE Publications Sage CA: Los Angeles, CA},
	pages = {519--523},
	file = {Full Text:C\:\\Users\\John-o\\Zotero\\storage\\C33Q5FA9\\1094428118770750.html:text/html}
}

@article{aguinis_best-practice_2020,
	title = {Best-practice recommendations for producers, evaluators, and users of methodological literature reviews},
	journal = {Organizational Research Methods},
	author = {Aguinis, Herman and Ramani, Ravi S. and Alabduljader, Nawaf},
	year = {2020},
	note = {Publisher: SAGE Publications Sage CA: Los Angeles, CA},
	pages = {1094428120943281},
	file = {Full Text:C\:\\Users\\John-o\\Zotero\\storage\\XBYLDW9B\\Aguinis et al. - 2020 - Best-practice recommendations for producers, evalu.pdf:application/pdf;Snapshot:C\:\\Users\\John-o\\Zotero\\storage\\YGAJGR9R\\1094428120943281.html:text/html}
}

@article{gaur_systematic_2018,
	title = {A systematic approach to conducting review studies: {An} assessment of content analysis in 25 years of {IB} research},
	volume = {53},
	shorttitle = {A systematic approach to conducting review studies},
	number = {2},
	journal = {Journal of World Business},
	author = {Gaur, Ajai and Kumar, Mukesh},
	year = {2018},
	note = {Publisher: Elsevier},
	pages = {280--289},
	file = {Full Text:C\:\\Users\\John-o\\Zotero\\storage\\I5BSVZ5C\\S1090951617308386.html:text/html}
}

@article{adams_shades_2017,
	title = {Shades of grey: guidelines for working with the grey literature in systematic reviews for management and organizational studies},
	volume = {19},
	shorttitle = {Shades of grey},
	number = {4},
	journal = {International Journal of Management Reviews},
	author = {Adams, Richard J. and Smart, Palie and Huff, Anne Sigismund},
	year = {2017},
	note = {Publisher: Wiley Online Library},
	pages = {432--454},
	file = {Snapshot:C\:\\Users\\John-o\\Zotero\\storage\\36GQNSHK\\ijmr.html:text/html}
}

@article{anderson_citation_2020,
	title = {Citation {Context} {Analysis} as a {Method} for {Conducting} {Rigorous} and {Impactful} {Literature} {Reviews}},
	journal = {Organizational Research Methods},
	author = {Anderson, Marc H. and Lemken, Russell K.},
	year = {2020},
	note = {Publisher: SAGE Publications Sage CA: Los Angeles, CA},
	pages = {1094428120969905},
	file = {Full Text:C\:\\Users\\John-o\\Zotero\\storage\\F2R3F956\\Anderson and Lemken - 2020 - Citation Context Analysis as a Method for Conducti.pdf:application/pdf;Snapshot:C\:\\Users\\John-o\\Zotero\\storage\\M4AKES7Z\\1094428120969905.html:text/html}
}

@article{aguinis_best-practice_2020-1,
	title = {Best-practice recommendations for producers, evaluators, and users of methodological literature reviews},
	journal = {Organizational Research Methods},
	author = {Aguinis, Herman and Ramani, Ravi S. and Alabduljader, Nawaf},
	year = {2020},
	note = {Publisher: SAGE Publications Sage CA: Los Angeles, CA},
	pages = {1094428120943281},
	file = {Full Text:C\:\\Users\\John-o\\Zotero\\storage\\X7MR3C77\\Aguinis et al. - 2020 - Best-practice recommendations for producers, evalu.pdf:application/pdf;Snapshot:C\:\\Users\\John-o\\Zotero\\storage\\QNGGY3QY\\1094428120943281.html:text/html}
}

@article{zupic_bibliometric_2015,
	title = {Bibliometric methods in management and organization},
	volume = {18},
	number = {3},
	journal = {Organizational Research Methods},
	author = {Zupic, Ivan and Čater, Tomaž},
	year = {2015},
	note = {Publisher: SAGE Publications Sage CA: Los Angeles, CA},
	pages = {429--472},
	file = {Full Text:C\:\\Users\\John-o\\Zotero\\storage\\8UNS82ZR\\Zupic and Čater - 2015 - Bibliometric methods in management and organizatio.pdf:application/pdf;Snapshot:C\:\\Users\\John-o\\Zotero\\storage\\7U7QAGWJ\\1094428114562629.html:text/html}
}

@article{madden_using_2018,
	title = {Using narrative evidence synthesis in {HRM} research: {An} overview of the method, its application, and the lessons learned},
	volume = {57},
	shorttitle = {Using narrative evidence synthesis in {HRM} research},
	number = {2},
	journal = {Human Resource Management},
	author = {Madden, Adrian and Bailey, Catherine and Alfes, Kerstin and Fletcher, Luke},
	year = {2018},
	note = {Publisher: Wiley Online Library},
	pages = {641--657},
	file = {Full Text:C\:\\Users\\John-o\\Zotero\\storage\\PM72Y24F\\Madden et al. - 2018 - Using narrative evidence synthesis in HRM research.pdf:application/pdf;Snapshot:C\:\\Users\\John-o\\Zotero\\storage\\H423GLMJ\\hrm.html:text/html}
}

@article{eva_servant_2019,
	title = {Servant leadership: {A} systematic review and call for future research},
	volume = {30},
	shorttitle = {Servant leadership},
	number = {1},
	journal = {The Leadership Quarterly},
	author = {Eva, Nathan and Robin, Mulyadi and Sendjaya, Sen and van Dierendonck, Dirk and Liden, Robert C.},
	year = {2019},
	note = {Publisher: Elsevier},
	pages = {111--132},
	file = {Full Text:C\:\\Users\\John-o\\Zotero\\storage\\PVWT5MPV\\S1048984317307774.html:text/html}
}

@article{mishra_career_2017,
	title = {Career resilience: {An} integrated review of the empirical literature},
	volume = {16},
	shorttitle = {Career resilience},
	number = {3},
	journal = {Human Resource Development Review},
	author = {Mishra, Paresh and McDonald, Kimberly},
	year = {2017},
	note = {Publisher: Sage Publications Sage CA: Los Angeles, CA},
	pages = {207--234},
	file = {Full Text:C\:\\Users\\John-o\\Zotero\\storage\\TSMWPPTV\\Mishra and McDonald - 2017 - Career resilience An integrated review of the emp.pdf:application/pdf;Snapshot:C\:\\Users\\John-o\\Zotero\\storage\\UUAXUMF7\\1534484317719622.html:text/html}
}

@article{newman_psychological_2017,
	title = {Psychological safety: {A} systematic review of the literature},
	volume = {27},
	shorttitle = {Psychological safety},
	number = {3},
	journal = {Human Resource Management Review},
	author = {Newman, Alexander and Donohue, Ross and Eva, Nathan},
	year = {2017},
	note = {Publisher: Elsevier},
	pages = {521--535},
	file = {Full Text:C\:\\Users\\John-o\\Zotero\\storage\\5GM4XIMP\\S1053482217300013.html:text/html}
}

@article{aguinis_what_2012,
	title = {What we know and don’t know about corporate social responsibility: {A} review and research agenda},
	volume = {38},
	shorttitle = {What we know and don’t know about corporate social responsibility},
	number = {4},
	journal = {Journal of management},
	author = {Aguinis, Herman and Glavas, Ante},
	year = {2012},
	note = {Publisher: Sage Publications Sage CA: Los Angeles, CA},
	pages = {932--968},
	file = {Full Text:C\:\\Users\\John-o\\Zotero\\storage\\3FWJPPT8\\Aguinis and Glavas - 2012 - What we know and don’t know about corporate social.pdf:application/pdf;Snapshot:C\:\\Users\\John-o\\Zotero\\storage\\8J37SCF3\\0149206311436079.html:text/html}
}

@article{rauthmann_situation_2020,
	title = {The situation of situation research: knowns and unknowns},
	volume = {29},
	shorttitle = {The situation of situation research},
	number = {5},
	journal = {Current Directions in Psychological Science},
	author = {Rauthmann, John F. and Sherman, Ryne A.},
	year = {2020},
	note = {Publisher: SAGE Publications Sage CA: Los Angeles, CA},
	pages = {473--480},
	file = {Full Text:C\:\\Users\\John-o\\Zotero\\storage\\ZIDZ8J3A\\Rauthmann and Sherman - 2020 - The situation of situation research knowns and un.pdf:application/pdf;Snapshot:C\:\\Users\\John-o\\Zotero\\storage\\2M66RRLZ\\0963721420925546.html:text/html}
}

@article{razinskas_multilevel_2020,
	title = {A multilevel review of stressor research in teams},
	volume = {41},
	number = {2},
	journal = {Journal of Organizational Behavior},
	author = {Razinskas, Stefan and Hoegl, Martin},
	year = {2020},
	note = {Publisher: Wiley Online Library},
	pages = {185--209},
	file = {Snapshot:C\:\\Users\\John-o\\Zotero\\storage\\3X7M9ADG\\job.html:text/html}
}

@article{lacerenza_leadership_2017,
	title = {Leadership training design, delivery, and implementation: {A} meta-analysis.},
	volume = {102},
	shorttitle = {Leadership training design, delivery, and implementation},
	number = {12},
	journal = {Journal of Applied Psychology},
	author = {Lacerenza, Christina N. and Reyes, Denise L. and Marlow, Shannon L. and Joseph, Dana L. and Salas, Eduardo},
	year = {2017},
	note = {Publisher: American Psychological Association},
	pages = {1686},
	file = {Full Text:C\:\\Users\\John-o\\Zotero\\storage\\QXY558FI\\Lacerenza et al. - 2017 - Leadership training design, delivery, and implemen.pdf:application/pdf;Snapshot:C\:\\Users\\John-o\\Zotero\\storage\\GJ5WZHN9\\doiLanding.html:text/html}
}

@article{podsakoff_common_2003,
	title = {Common method biases in behavioral research: a critical review of the literature and recommended remedies.},
	volume = {88},
	shorttitle = {Common method biases in behavioral research},
	number = {5},
	journal = {Journal of applied psychology},
	author = {Podsakoff, Philip M. and MacKenzie, Scott B. and Lee, Jeong-Yeon and Podsakoff, Nathan P.},
	year = {2003},
	note = {Publisher: American Psychological Association},
	pages = {879},
	file = {Full Text:C\:\\Users\\John-o\\Zotero\\storage\\VIR4VB7N\\Podsakoff et al. - 2003 - Common method biases in behavioral research a cri.pdf:application/pdf;Snapshot:C\:\\Users\\John-o\\Zotero\\storage\\GFEPF6WR\\2003-08045-010.html:text/html}
}

@article{bernerth_critical_2016,
	title = {A critical review and best-practice recommendations for control variable usage},
	volume = {69},
	number = {1},
	journal = {Personnel Psychology},
	author = {Bernerth, Jeremy B. and Aguinis, Herman},
	year = {2016},
	note = {Publisher: Wiley Online Library},
	pages = {229--283},
	file = {Snapshot:C\:\\Users\\John-o\\Zotero\\storage\\2EPWIIUL\\peps.html:text/html}
}

@article{aguinis_best-practice_2013,
	title = {Best-practice recommendations for defining, identifying, and handling outliers},
	volume = {16},
	number = {2},
	journal = {Organizational Research Methods},
	author = {Aguinis, Herman and Gottfredson, Ryan K. and Joo, Harry},
	year = {2013},
	note = {Publisher: Sage Publications Sage CA: Los Angeles, CA},
	pages = {270--301},
	file = {Full Text:C\:\\Users\\John-o\\Zotero\\storage\\TH4SF5RD\\Aguinis et al. - 2013 - Best-practice recommendations for defining, identi.pdf:application/pdf;Snapshot:C\:\\Users\\John-o\\Zotero\\storage\\TZ8YSZ5K\\1094428112470848.html:text/html}
}

@article{pek_reporting_2018,
	title = {Reporting effect sizes in original psychological research: {A} discussion and tutorial.},
	volume = {23},
	shorttitle = {Reporting effect sizes in original psychological research},
	number = {2},
	journal = {Psychological Methods},
	author = {Pek, Jolynn and Flora, David B.},
	year = {2018},
	note = {Publisher: American Psychological Association},
	pages = {208},
	file = {Full Text:C\:\\Users\\John-o\\Zotero\\storage\\SNU7F77J\\2017-10871-001.html:text/html}
}

@book{aguinis_mturk_2020,
	title = {{MTurk} {Research}: {Review} and {Recommendations}},
	shorttitle = {{MTurk} {Research}},
	publisher = {SAGE Publications Sage CA: Los Angeles, CA},
	author = {Aguinis, Herman and Villamor, Isabel and Ramani, Ravi S.},
	year = {2020},
	file = {Full Text:C\:\\Users\\John-o\\Zotero\\storage\\H75ICK8E\\Aguinis et al. - 2020 - MTurk Research Review and Recommendations.pdf:application/pdf;Snapshot:C\:\\Users\\John-o\\Zotero\\storage\\NF5838I9\\0149206320969787.html:text/html}
}

@article{day_leadership_2015,
	title = {Leadership development: {An} outcome-oriented review based on time and levels of analyses},
	volume = {2},
	shorttitle = {Leadership development},
	number = {1},
	journal = {Annu. Rev. Organ. Psychol. Organ. Behav.},
	author = {Day, David V. and Dragoni, Lisa},
	year = {2015},
	note = {Publisher: Annual Reviews},
	pages = {133--156},
	file = {Snapshot:C\:\\Users\\John-o\\Zotero\\storage\\GHVUNFC7\\annurev-orgpsych-032414-111328.html:text/html}
}

@article{blume_transfer_2010,
	title = {Transfer of training: {A} meta-analytic review},
	volume = {36},
	shorttitle = {Transfer of training},
	number = {4},
	journal = {Journal of management},
	author = {Blume, Brian D. and Ford, J. Kevin and Baldwin, Timothy T. and Huang, Jason L.},
	year = {2010},
	note = {Publisher: Sage Publications Sage CA: Los Angeles, CA},
	pages = {1065--1105},
	file = {Full Text:C\:\\Users\\John-o\\Zotero\\storage\\TUMPDA9Y\\Blume et al. - 2010 - Transfer of training A meta-analytic review.pdf:application/pdf;Snapshot:C\:\\Users\\John-o\\Zotero\\storage\\L2P7WTAZ\\0149206309352880.html:text/html}
}

@article{rubenstein_surveying_2018,
	title = {Surveying the forest: {A} meta-analysis, moderator investigation, and future-oriented discussion of the antecedents of voluntary employee turnover},
	volume = {71},
	shorttitle = {Surveying the forest},
	number = {1},
	journal = {Personnel Psychology},
	author = {Rubenstein, Alex L. and Eberly, Marion B. and Lee, Thomas W. and Mitchell, Terence R.},
	year = {2018},
	note = {Publisher: Wiley Online Library},
	pages = {23--65},
	file = {Full Text:C\:\\Users\\John-o\\Zotero\\storage\\WPYNK9UW\\Rubenstein et al. - 2018 - Surveying the forest A meta-analysis, moderator i.pdf:application/pdf;Snapshot:C\:\\Users\\John-o\\Zotero\\storage\\3NNFV48W\\peps.html:text/html}
}

@article{cropanzano_social_2005,
	title = {Social exchange theory: {An} interdisciplinary review},
	volume = {31},
	shorttitle = {Social exchange theory},
	number = {6},
	journal = {Journal of management},
	author = {Cropanzano, Russell and Mitchell, Marie S.},
	year = {2005},
	note = {Publisher: Sage Publications Sage CA: Thousand Oaks, CA},
	pages = {874--900},
	file = {Full Text:C\:\\Users\\John-o\\Zotero\\storage\\TMAQNSER\\Cropanzano and Mitchell - 2005 - Social exchange theory An interdisciplinary revie.pdf:application/pdf;Snapshot:C\:\\Users\\John-o\\Zotero\\storage\\KVW252CF\\0149206305279602.html:text/html}
}

@article{follmer_disclosure_2020,
	title = {Disclosure of stigmatized identities at work: {An} interdisciplinary review and agenda for future research},
	volume = {41},
	shorttitle = {Disclosure of stigmatized identities at work},
	number = {2},
	journal = {Journal of Organizational Behavior},
	author = {Follmer, Kayla B. and Sabat, Isaac Emmanuel and Siuta, Rose L.},
	year = {2020},
	note = {Publisher: Wiley Online Library},
	pages = {169--184},
	file = {Snapshot:C\:\\Users\\John-o\\Zotero\\storage\\U6ES772A\\job.html:text/html}
}

@article{steel_integrating_2006,
	title = {Integrating theories of motivation},
	volume = {31},
	number = {4},
	journal = {Academy of management review},
	author = {Steel, Piers and König, Cornelius J.},
	year = {2006},
	note = {Publisher: Academy of Management Briarcliff Manor, NY 10510},
	pages = {889--913},
	file = {Full Text:C\:\\Users\\John-o\\Zotero\\storage\\9SIDA3IS\\Steel and König - 2006 - Integrating theories of motivation.pdf:application/pdf;Snapshot:C\:\\Users\\John-o\\Zotero\\storage\\9HTPWZCA\\AMR.2006.html:text/html}
}

@article{jang_more_2018,
	title = {More than a phase: {Form} and features of a general theory of negotiation},
	volume = {12},
	shorttitle = {More than a phase},
	number = {1},
	journal = {Academy of Management Annals},
	author = {Jang, Daisung and Elfenbein, Hillary Anger and Bottom, William P.},
	year = {2018},
	note = {Publisher: Briarcliff Manor, NY},
	pages = {318--356},
	file = {Full Text:C\:\\Users\\John-o\\Zotero\\storage\\4R9D2QMV\\Jang et al. - 2018 - More than a phase Form and features of a general .pdf:application/pdf;Snapshot:C\:\\Users\\John-o\\Zotero\\storage\\9G48BWZL\\annals.2016.html:text/html}
}

@article{van_swol_language_2019,
	title = {Language and group processes: {An} integrative, interdisciplinary review},
	volume = {50},
	shorttitle = {Language and group processes},
	number = {1},
	journal = {Small Group Research},
	author = {Van Swol, Lyn M. and Kane, Aimée A.},
	year = {2019},
	note = {Publisher: Sage Publications Sage CA: Los Angeles, CA},
	pages = {3--38},
	file = {Full Text:C\:\\Users\\John-o\\Zotero\\storage\\B9PKJ5FV\\Van Swol and Kane - 2019 - Language and group processes An integrative, inte.pdf:application/pdf;Snapshot:C\:\\Users\\John-o\\Zotero\\storage\\SYJJ67NP\\1046496418785019.html:text/html}
}

@article{colquitt_toward_2000,
	title = {Toward an integrative theory of training motivation: a meta-analytic path analysis of 20 years of research.},
	volume = {85},
	shorttitle = {Toward an integrative theory of training motivation},
	number = {5},
	journal = {Journal of applied psychology},
	author = {Colquitt, Jason A. and LePine, Jeffrey A. and Noe, Raymond A.},
	year = {2000},
	note = {Publisher: American Psychological Association},
	pages = {678},
	file = {Full Text:C\:\\Users\\John-o\\Zotero\\storage\\59SJ6RX3\\Colquitt et al. - 2000 - Toward an integrative theory of training motivatio.pdf:application/pdf;Snapshot:C\:\\Users\\John-o\\Zotero\\storage\\DA675SGP\\2000-03966-003.html:text/html}
}

@article{kluger_effects_1996,
	title = {The effects of feedback interventions on performance: {A} historical review, a meta-analysis, and a preliminary feedback intervention theory.},
	volume = {119},
	shorttitle = {The effects of feedback interventions on performance},
	number = {2},
	journal = {Psychological bulletin},
	author = {Kluger, Avraham N. and DeNisi, Angelo},
	year = {1996},
	note = {Publisher: American Psychological Association},
	pages = {254},
	file = {Full Text:C\:\\Users\\John-o\\Zotero\\storage\\QPCJMG95\\Kluger and DeNisi - 1996 - The effects of feedback interventions on performan.pdf:application/pdf;Snapshot:C\:\\Users\\John-o\\Zotero\\storage\\MLFIMBRB\\1996-02773-003.html:text/html}
}

@article{shockley_disentangling_2017,
	title = {Disentangling the relationship between gender and work–family conflict: {An} integration of theoretical perspectives using meta-analytic methods.},
	volume = {102},
	shorttitle = {Disentangling the relationship between gender and work–family conflict},
	number = {12},
	journal = {Journal of Applied Psychology},
	author = {Shockley, Kristen M. and Shen, Winny and DeNunzio, Michael M. and Arvan, Maryana L. and Knudsen, Eric A.},
	year = {2017},
	note = {Publisher: American Psychological Association},
	pages = {1601},
	file = {Full Text:C\:\\Users\\John-o\\Zotero\\storage\\VJPPKB7E\\Shockley et al. - 2017 - Disentangling the relationship between gender and .pdf:application/pdf;Snapshot:C\:\\Users\\John-o\\Zotero\\storage\\XYTKDJNQ\\doiLanding.html:text/html}
}

@article{meurs_cognitive_2011,
	title = {Cognitive activation theory of stress: {An} integrative theoretical approach to work stress},
	volume = {37},
	shorttitle = {Cognitive activation theory of stress},
	number = {4},
	journal = {Journal of Management},
	author = {Meurs, James A. and Perrewé, Pamela L.},
	year = {2011},
	note = {Publisher: Sage Publications Sage CA: Los Angeles, CA},
	pages = {1043--1068},
	file = {Full Text:C\:\\Users\\John-o\\Zotero\\storage\\9LUFU9D4\\Meurs and Perrewé - 2011 - Cognitive activation theory of stress An integrat.pdf:application/pdf;Snapshot:C\:\\Users\\John-o\\Zotero\\storage\\IMCDAZTI\\0149206310387303.html:text/html}
}

@article{solinger_beyond_2008,
	title = {Beyond the three-component model of organizational commitment.},
	volume = {93},
	number = {1},
	journal = {Journal of applied psychology},
	author = {Solinger, Omar N. and Van Olffen, Woody and Roe, Robert A.},
	year = {2008},
	note = {Publisher: American Psychological Association},
	pages = {70},
	file = {Snapshot:C\:\\Users\\John-o\\Zotero\\storage\\RPZWU3K2\\2008-00266-005.html:text/html}
}

@article{razinskas_multilevel_2020-1,
	title = {A multilevel review of stressor research in teams},
	volume = {41},
	number = {2},
	journal = {Journal of Organizational Behavior},
	author = {Razinskas, Stefan and Hoegl, Martin},
	year = {2020},
	note = {Publisher: Wiley Online Library},
	pages = {185--209},
	file = {Snapshot:C\:\\Users\\John-o\\Zotero\\storage\\TQBP43B2\\job.html:text/html}
}

@article{tkachenko_researchpractice_2017,
	title = {Research–practice gap in applied fields: an integrative literature review},
	volume = {16},
	shorttitle = {Research–practice gap in applied fields},
	number = {3},
	journal = {Human Resource Development Review},
	author = {Tkachenko, Oleksandr and Hahn, Huh-Jung and Peterson, Shari L.},
	year = {2017},
	note = {Publisher: SAGE Publications Sage CA: Los Angeles, CA},
	pages = {235--262},
	file = {Full Text:C\:\\Users\\John-o\\Zotero\\storage\\HEPKT64D\\Tkachenko et al. - 2017 - Research–practice gap in applied fields an integr.pdf:application/pdf;Snapshot:C\:\\Users\\John-o\\Zotero\\storage\\G4454JAP\\1534484317707562.html:text/html}
}

@article{reyes_state_2019,
	title = {The state of higher education leadership development program evaluation: {A} meta-analysis, critical review, and recommendations},
	volume = {30},
	shorttitle = {The state of higher education leadership development program evaluation},
	number = {5},
	journal = {The Leadership Quarterly},
	author = {Reyes, Denise L. and Dinh, Julie and Lacerenza, Christina N. and Marlow, Shannon L. and Joseph, Dana L. and Salas, Eduardo},
	year = {2019},
	note = {Publisher: Elsevier},
	pages = {101311},
	file = {Full Text:C\:\\Users\\John-o\\Zotero\\storage\\BSJWJV97\\S1048984318304922.html:text/html}
}

@article{dean_jr_organizational_1998,
	title = {Organizational cynicism},
	volume = {23},
	number = {2},
	journal = {Academy of Management review},
	author = {Dean Jr, James W. and Brandes, Pamela and Dharwadkar, Ravi},
	year = {1998},
	note = {Publisher: Academy of Management Briarcliff Manor, NY 10510},
	pages = {341--352},
	file = {Full Text:C\:\\Users\\John-o\\Zotero\\storage\\ZU97A6VN\\Dean Jr et al. - 1998 - Organizational cynicism.pdf:application/pdf;Snapshot:C\:\\Users\\John-o\\Zotero\\storage\\JXYYGHKI\\AMR.1998.html:text/html}
}

@article{cohen_what_1997,
	title = {What makes teams work: {Group} effectiveness research from the shop floor to the executive suite},
	volume = {23},
	shorttitle = {What makes teams work},
	number = {3},
	journal = {Journal of management},
	author = {Cohen, Susan G. and Bailey, Diane E.},
	year = {1997},
	note = {Publisher: Sage Publications Sage CA: Thousand Oaks, CA},
	pages = {239--290},
	file = {Snapshot:C\:\\Users\\John-o\\Zotero\\storage\\PLP4RH3Y\\014920639702300303.html:text/html}
}

@article{aguinis_first_2019,
	title = {The first 20 years of {Organizational} {Research} {Methods}: {Trajectory}, impact, and predictions for the future},
	volume = {22},
	shorttitle = {The first 20 years of {Organizational} {Research} {Methods}},
	number = {2},
	journal = {Organizational Research Methods},
	author = {Aguinis, Herman and Ramani, Ravi S. and Villamor, Isabel},
	year = {2019},
	note = {Publisher: SAGE Publications Sage CA: Los Angeles, CA},
	pages = {463--489},
	file = {Full Text:C\:\\Users\\John-o\\Zotero\\storage\\NZ6GN2UC\\Aguinis et al. - 2019 - The first 20 years of Organizational Research Meth.pdf:application/pdf;Snapshot:C\:\\Users\\John-o\\Zotero\\storage\\ZAD6K259\\1094428118786564.html:text/html}
}

@article{maynard_empowermentfad_2012,
	title = {Empowerment—fad or fab? {A} multilevel review of the past two decades of research},
	volume = {38},
	shorttitle = {Empowerment—fad or fab?},
	number = {4},
	journal = {Journal of Management},
	author = {Maynard, M. Travis and Gilson, Lucy L. and Mathieu, John E.},
	year = {2012},
	note = {Publisher: Sage Publications Sage CA: Los Angeles, CA},
	pages = {1231--1281},
	file = {Full Text:C\:\\Users\\John-o\\Zotero\\storage\\K6BQ7LH9\\Maynard et al. - 2012 - Empowerment—fad or fab A multilevel review of the.pdf:application/pdf;Snapshot:C\:\\Users\\John-o\\Zotero\\storage\\UWV9VEVB\\0149206312438773.html:text/html}
}

@article{day_advances_2014,
	title = {Advances in leader and leadership development: {A} review of 25 years of research and theory},
	volume = {25},
	shorttitle = {Advances in leader and leadership development},
	number = {1},
	journal = {The leadership quarterly},
	author = {Day, David V. and Fleenor, John W. and Atwater, Leanne E. and Sturm, Rachel E. and McKee, Rob A.},
	year = {2014},
	note = {Publisher: Elsevier},
	pages = {63--82},
	file = {Full Text:C\:\\Users\\John-o\\Zotero\\storage\\PVVPVYZC\\S1048984313001197.html:text/html}
}

@article{knight_building_2017,
	title = {Building work engagement: {A} systematic review and meta-analysis investigating the effectiveness of work engagement interventions},
	volume = {38},
	shorttitle = {Building work engagement},
	number = {6},
	journal = {Journal of Organizational Behavior},
	author = {Knight, Caroline and Patterson, Malcolm and Dawson, Jeremy},
	year = {2017},
	note = {Publisher: Wiley Online Library},
	pages = {792--812},
	file = {Snapshot:C\:\\Users\\John-o\\Zotero\\storage\\BPKTWYI8\\job.html:text/html}
}

@article{keiser_meta-analysis_2020,
	title = {A meta-analysis of the effectiveness of the after-action review (or debrief) and factors that influence its effectiveness.},
	journal = {Journal of Applied Psychology},
	author = {Keiser, Nathanael L. and Arthur Jr, Winfred},
	year = {2020},
	note = {Publisher: American Psychological Association},
	file = {Snapshot:C\:\\Users\\John-o\\Zotero\\storage\\TVBS3Z2X\\2020-62189-001.html:text/html}
}
